\usepackage{url}

@inproceedings{moore1975progress,
  title={Progress in digital integrated electronics},
  author={Moore, Gordon E and others},
  booktitle={Electron devices meeting},
  volume={21},
  pages={11--13},
  year={1975}
}

@article{舆情监控,
  title={基于 Bert-Condition-CNN 的中文微博立场检测},
  author={王安君 and 黄凯凯 and 陆黎明},
  journal={计算机系统应用},
  volume={28},
  number={11},
  pages={45--53},
  year={2019}
}

@article{中文微博情感分析,
  title={中文微博情感分析研究综述},
  author={周胜臣 and 瞿文婷 and 石英子 and 施询之 and 孙韵辰},
  journal={计算机应用与软件},
  volume={30},
  number={3},
  pages={161-164},
  year={2013},
}

@phdthesis{电商网站情感分析,
  title={基于电商网站商品评论数据的用户情感分析},
  author={崔志刚},
  year={2014},
  address={北京},
  school={北京交通大学}
}

@article{杨立公2013文本情感分析综述,
  title={文本情感分析综述},
  author={杨立公 and 朱俭 and 汤世平},
  journal={计算机应用},
  volume={33},
  number={06},
  pages={1574--1607},
  year={2013}
}

@article{杨小平2017基于,
  title={基于 Word2Vec 的情感词典自动构建与优化},
  author={杨小平 and 张中夏 and 王良 and 张永俊 and 马奇凤 and 吴佳楠 and 张悦},
  journal={计算机科学},
  volume={44},
  number={1},
  pages={42--47},
  year={2017}
}

@article{朱晓霞2019基于主题挖掘技术的文本情感分析综述,
  title={基于主题挖掘技术的文本情感分析综述},
  author={朱晓霞 and 宋嘉欣 and 张晓缇},
  journal={情报理论与实践},
  volume={42},
  number={11},
  pages={156--163},
  year={2019}
}

@inproceedings{wiebe1999development,
  title={Development and use of a gold-standard data set for subjectivity classifications},
  author={Wiebe, Janyce and Bruce, Rebecca and O’Hara, Thomas P},
  booktitle={Proceedings of the 37th annual meeting of the Association for Computational Linguistics},
  pages={246--253},
  year={1999}
}

@inproceedings{riloff2003learning,
  title={Learning extraction patterns for subjective expressions},
  author={Riloff, Ellen and Wiebe, Janyce},
  booktitle={Proceedings of the 2003 conference on Empirical methods in natural language processing},
  pages={105--112},
  year={2003}
}

@inproceedings{wilson2005recognizing,
  title={Recognizing contextual polarity in phrase-level sentiment analysis},
  author={Wilson, Theresa and Wiebe, Janyce and Hoffmann, Paul},
  booktitle={Proceedings of human language technology conference and conference on empirical methods in natural language processing},
  pages={347--354},
  year={2005}
}

@article{__2007叶强,
  title = {面问互联网评论情感分析的中文主观性自动判别方法研究},
  volume = {1},
  number = {1},
  journal = {信息系统学报},
  author = {{叶强} and {张紫琼} and {罗振雄}},
  year = {2007},
  pages = {79--91},
  file = {叶强 等。 - 2007 - 面问互联网评论情感分析的中文主观性自动判别方法研究!.pdf:/Users/gnomeek/Zotero/storage/CPIZ88PW/叶强 等。 - 2007 - 面问互联网评论情感分析的中文主观性自动判别方法研究!.pdf:application/pdf}
}


@phdthesis{_svm_2011,
  address = {北京},
  title = {{基于SVM的中文观点句抽取}},
  abstract = {随着网络信息量的与日俱增,巨大的冗余信息使人们很难在短时间内准确、迅速地获取对自己有价值的信息。尤其在大规模的网购热潮中,多数消费者会在购物之前上网查阅其他用户对商品的评价信息,以指导自己的购物行为。观点句抽取旨在区分主观评论句和客观描述句,这样可以方便用户迅速地搜索到产品评价信息,同时,也方便生产商及时地进行产品的市场调查。因此中文观点句抽取成为当前互联网智能信息处理的一个研究热点。它涉及了自然语言处理、信息检索、信息抽取、机器学习等多个领域的研究内容。  本文的主要研究内容包括以下几点。首先,通过总结观点句的语言特点,提出三种以指示性动词为核心的句法结构模板,并通过实验验证了其高置信...},
  language = {中文;},
  school = {北京邮电大学},
  author = {张博},
  year = {2011},
  keywords = {观点句, 句法结构, 文本分类, 依存关系, dependency relationship, opinion sentence, SVM, syntactic structure, text classification},
  annote = {The following values have no corresponding Zotero field:SR 1A3 周延泉PB 北京邮电大学CL 硕士DS CNKI }
}

@inproceedings{__2007姚天昉,
  author={姚天昉 and 彭思崴},
  title={汉语主客观文本分类方法的研究},
  booktitle={第三届全国信息检索与内容安全学术会议论文集},
  year={2007},
  pages={117-123},
  address={苏州},
  month={7},
  organization={中国中文信息学会},
}
@inproceedings{10.3115/1073083.1073153,
author = {Turney, Peter D.},
title = {Thumbs up or Thumbs down? Semantic Orientation Applied to Unsupervised Classification of Reviews},
year = {2002},
publisher = {Association for Computational Linguistics},
address = {USA},
url = {https://doi.org/10.3115/1073083.1073153},
doi = {10.3115/1073083.1073153},
booktitle = {Proceedings of the 40th Annual Meeting on Association for Computational Linguistics},
pages = {417–424},
numpages = {8},
location = {Philadelphia, Pennsylvania},
series = {ACL ’02}
}
  
@article{hamouda2013social,
  title={Social networks’ text mining for sentiment classification: The case of Facebook’statuses updates in the ‘Arabic Spring’era},
  author={Hamouda, Safa Ben and Akaichi, Jalel},
  journal={International Journal Application or Innovation in Engineering and Management},
  volume={2},
  number={5},
  pages={470--478},
  year={2013}
}

@inproceedings{hu2004mining,
  title={Mining and summarizing customer reviews},
  author={Hu, Minqing and Liu, Bing},
  booktitle={Proceedings of the tenth ACM SIGKDD international conference on Knowledge discovery and data mining},
  pages={168--177},
  year={2004}
}

@article{朱嫣岚2006基于,
  title={基于 HowNet 的词汇语义倾向计算},
  author={朱嫣岚 and 闵锦 and 周雅倩 and 黄萱菁 and 吴立德},
  journal={中文信息学报},
  volume={20},
  number={1},
  pages={16--22},
  year={2006}
}

@article{柳位平2009中文基础情感词词典构建方法研究,
  title={中文基础情感词词典构建方法研究},
  author={柳位平 and 朱艳辉 and 栗春亮 and 向华政 and 文志强},
  journal={计算机应用},
  volume={29},
  number={10},
  pages={2875--2877},
  year={2009}
}


@article{__2008李钝,
  title = {基于短语模式的文本情感分类研究},
  abstract = {文本倾向识别的研究在诸多领域有着广阔的发展前景,短语模式的文本情感分类是问答系统、信息安全、网上调查等研究的基础。本文从语言学角度出发,首先,分析词典中对词语义定义的特点,采用"情感倾向定义"权重优先的计算方法获得短语中各词的语义倾向度,然后分析短语中各词组合方式的特点,提出中心词概念来对各词的倾向性进行计算来识别短语的倾向性和倾向强度。实验表明,本文的方法对短语的倾向分类识别效果较好,可为更大粒度的文本倾向识别打好基础,具有一定的实用价值。},
  number = {04},
  journal = {计算机科学},
  author = {李钝 and 曹付元 and 曹元大 and 万月亮},
  year = {2008},
  note = {ISBN: 1002-137X},
  keywords = {文本分类;情感倾向;语义倾向度;知网;短语结构;中心词},
  pages = {132--134}
}

@inproceedings{pang2002thumbs,
  title={Thumbs up?: sentiment classification using machine learning techniques},
  author={Pang, Bo and Lee, Lillian and Vaithyanathan, Shivakumar},
  booktitle={Proceedings of the ACL-02 conference on Empirical methods in natural language processing-Volume 10},
  pages={79--86},
  year={2002},
  organization={Association for Computational Linguistics}
}

@article{godbole2007large,
  title={Large-Scale Sentiment Analysis for News and Blogs.},
  author={Godbole, Namrata and Srinivasaiah, Manja and Skiena, Steven},
  journal={Icwsm},
  volume={7},
  number={21},
  pages={219--222},
  year={2007}
}

@inproceedings{chenghualin,
author = {Lin, Chenghua and He, Yulan},
title = {Joint Sentiment/Topic Model for Sentiment Analysis},
year = {2009},
isbn = {9781605585123},
publisher = {Association for Computing Machinery},
address = {New York, NY, USA},
url = {https://doi.org/10.1145/1645953.1646003},
doi = {10.1145/1645953.1646003},
booktitle = {Proceedings of the 18th ACM Conference on Information and Knowledge Management},
pages = {375–384},
numpages = {10},
keywords = {joint sentiment/topic model, sentiment analysis, latent dirichlet allocation, opinion mining},
location = {Hong Kong, China},
series = {CIKM ’09}
}

@inproceedings{kim2004determining,
  title={Determining the sentiment of opinions},
  author={Kim, Soo-Min and Hovy, Eduard},
  booktitle={Proceedings of the 20th international conference on Computational Linguistics},
  pages={1367},
  year={2004},
  organization={Association for Computational Linguistics}
}

@inproceedings{socher2011semi,
  title={Semi-supervised recursive autoencoders for predicting sentiment distributions},
  author={Socher, Richard and Pennington, Jeffrey and Huang, Eric H and Ng, Andrew Y and Manning, Christopher D},
  booktitle={Proceedings of the conference on empirical methods in natural language processing},
  pages={151--161},
  year={2011},
  organization={Association for Computational Linguistics}
}

@article{唐慧丰2007基于监督学习的中文情感分类技术比较研究,
author={唐慧丰 and 谭松波 and 程学旗},
title={基于监督学习的中文情感分类技术比较研究},
journal={中文信息学报},
year={2007},
volume={21},
number={6},
pages={88-94,108},
month={1},
}

@article{徐军2007使用机器学习方法进行新闻的情感自动分类,
author={徐军 and 丁宇新 and 王晓龙},
title={使用机器学习方法进行新闻的情感自动分类},
journal={中文信息学报},
year={2007},
volume={21},
number={6},
pages={95-100},
month={1},
}

@article{韦航2015基于主题的中文微博情感分析,
author={韦航 and 王永恒},
title={基于主题的中文微博情感分析},
journal={计算机工程},
year={2015},
volume={41},
number={9},
pages={238-244},
month={11},
}

@article{kim2014convolutional,
  title={Convolutional neural networks for sentence classification},
  author={Kim, Yoon},
  journal={arXiv preprint arXiv:1408.5882},
  year={2014}
}

@inproceedings{hinton1986learning,
  title={Learning distributed representations of concepts},
  author={Hinton, Geoffrey E and others},
  booktitle={Proceedings of the eighth annual conference of the cognitive science society},
  volume={1},
  pages={12},
  year={1986},
  organization={Amherst, MA}
}

@article{mikolov2013efficient,
  title={Efficient estimation of word representations in vector space},
  author={Mikolov, Tomas and Chen, Kai and Corrado, Greg and Dean, Jeffrey},
  journal={arXiv preprint arXiv:1301.3781},
  year={2013}
}

@inproceedings{pennington2014glove,
  title={Glove: Global vectors for word representation},
  author={Pennington, Jeffrey and Socher, Richard and Manning, Christopher D},
  booktitle={Proceedings of the 2014 conference on empirical methods in natural language processing (EMNLP)},
  pages={1532--1543},
  year={2014}
}

@article{joulin2016fasttext,
  title={Fasttext. zip: Compressing text classification models},
  author={Joulin, Armand and Grave, Edouard and Bojanowski, Piotr and Douze, Matthijs and J{\'e}gou, H{\'e}rve and Mikolov, Tomas},
  journal={arXiv preprint arXiv:1612.03651},
  year={2016}
}

@inproceedings{socher2012semantic,
  title={Semantic compositionality through recursive matrix-vector spaces},
  author={Socher, Richard and Huval, Brody and Manning, Christopher D and Ng, Andrew Y},
  booktitle={Proceedings of the 2012 joint conference on empirical methods in natural language processing and computational natural language learning},
  pages={1201--1211},
  year={2012},
  organization={Association for Computational Linguistics}
}

@article{xu2016cached,
  title={Cached long short-term memory neural networks for document-level sentiment classification},
  author={Xu, Jiacheng and Chen, Danlu and Qiu, Xipeng and Huang, Xuangjing},
  journal={arXiv preprint arXiv:1610.04989},
  year={2016}
}

@article{bahdanau2014neural,
  title={Neural machine translation by jointly learning to align and translate},
  author={Bahdanau, Dzmitry and Cho, Kyunghyun and Bengio, Yoshua},
  journal={arXiv preprint arXiv:1409.0473},
  year={2014}
}

@inproceedings{zhou2016attention,
  title={Attention-based LSTM network for cross-lingual sentiment classification},
  author={Zhou, Xinjie and Wan, Xiaojun and Xiao, Jianguo},
  booktitle={Proceedings of the 2016 conference on empirical methods in natural language processing},
  pages={247--256},
  year={2016}
}

@article{peters2018deep,
  title={Deep contextualized word representations},
  author={Peters, Matthew E and Neumann, Mark and Iyyer, Mohit and Gardner, Matt and Clark, Christopher and Lee, Kenton and Zettlemoyer, Luke},
  journal={arXiv preprint arXiv:1802.05365},
  year={2018}
}

@article{radford2018improving,
  title={Improving language understanding by generative pre-training},
  author={Radford, Alec and Narasimhan, Karthik and Salimans, Tim and Sutskever, Ilya},
  journal={URL https://s3-us-west-2. amazonaws. com/openai-assets/researchcovers/languageunsupervised/language understanding paper. pdf},
  year={2018}
}

@inproceedings{vaswani2017attention,
  title={Attention is all you need},
  author={Vaswani, Ashish and Shazeer, Noam and Parmar, Niki and Uszkoreit, Jakob and Jones, Llion and Gomez, Aidan N and Kaiser, {\L}ukasz and Polosukhin, Illia},
  booktitle={Advances in neural information processing systems},
  pages={5998--6008},
  year={2017}
}

@article{devlin2018bert,
  title={Bert: Pre-training of deep bidirectional transformers for language understanding},
  author={Devlin, Jacob and Chang, Ming-Wei and Lee, Kenton and Toutanova, Kristina},
  journal={arXiv preprint arXiv:1810.04805},
  year={2018}
}


@phdthesis{__2019zengjiangfeng,
  type = {博士},
  title = {基于深度学习的文本情感计算研究},
  abstract = {移动互联网的持续火爆使得各大社交媒体和电子商务平台成为观察人类情感的有效窗口。如何高效地利用计算机技术从海量文本数据中获得情感信息,从而挖掘出文本数据的商业价值,变得尤为重要。因此,文本情感计算成为当代认知科学的一大研究热点。深度学习算法是一类包含多层非线性变换的神经网络,通过逐层特征变换,将样本在原始空间中的特征表示变换到一个新的特征空间,从而更准确地预测结果。与传统模式识别方法的最大不同在于,基于深度学习的模式识别方法能够从数据中自动学习出刻画数据本质的特征表示,摒弃了复杂的人工特征提取过程。因此,在文本情感计算研究中,深度学习技术成为学习高可区分性情感特征的有效方法。这篇论文主要研究如何...},
  school = {华中科技大学},
  author = {曾江峰},
  year = {2019},
  keywords = {文本情感计算;句法语义感知;位置注意力;多对象建模;自监督深度哈希}
}


@phdthesis{__2015liran,
  type = {硕士},
  title = {基于深度学习的短文本情感倾向性研究},
  abstract = {短文本情感倾向性研究是指对某一个短文本中蕴含的情感极性做出不同极性标准的判别分类。本文在研究短文本情感倾向性任务的时候,首先使用词袋模型对短文本进行向量化建模,然后采用SoftMax回归对情感倾向性的多个类别做情感极性的判定。同时,本文将深度学习引入到情感倾向性判断中,通过深度神经网络模型对短文本向量做深度的自适应学习,旨在挖掘出短文本向量更深层的隐含特征,取得更好的分类效果。另外,本文对短文本的特征建模进行了改进,分别提出了基于主题模型和基于神经网络语言模型的短文本特征向量建模算法。通过神经网络语言模型对短文本进行无监督深度学习之后,能将文档中词语的信息进行更好的挖掘利用,进而配合后续的聚类...},
  school = {北京理工大学},
  author = {李然},
  year = {2015},
  keywords = {短文本;情感倾向性;深度学习;深度神经网络模型;SoftMax回归;神经网络语言模型;主题模型}
}

@article{胡朝举2018基于词向量技术和混合神经网络的情感分析,
author={胡朝举 and 赵晓伟},
title={基于词向量技术和混合神经网络的情感分析},
journal={计算机应用研究},
year={2018},
volume={35},
number={12},
pages={3556-3559,3574},
month={3},
}

@article{张仰森2018基于双重注意力模型的微博情感分析方法,
author={张仰森 and 郑佳 and 黄改娟 and 蒋玉茹},
title={基于双重注意力模型的微博情感分析方法},
journal={清华大学学报（自然科学版）},
year={2018},
volume={58},
number={2},
pages={122-130},
month={4},
}


@article{_elmo_nodate,
  title = {{融合ELMo和多尺度卷积神经网络的情感分析}},
  abstract = {针对Word2Vec、Glo Ve等词嵌入技术只能产生单一语义向量的问题,提出一种融合ELMo和多尺度卷积神经网络的情感分析模型。首先,该模型利用ELMo模型学习预训练语料,生成上下文相关的词向量;相比于传统词嵌入技术,ELMo模型利用双向LSTM网络融合词语本身特征和词语上下文特征,能够精确表示多义词的多个不同语义。此外,该模型使用预训练的中文字符向量初始化ELMo模型的嵌入层,相对于随机初始化,该方法可加快模型的训练速度,提高训练精度。然后,该模型利用多尺度卷积神经网络,对词向量的特征进行二次抽取,并进行特征融合,生成句子的整体语义表示;最后,经过softmax激励函数实现文本情感倾向的分...},
  journal = {计算机应用},
  author = {赵亚欧 and 张家重 and 李贻斌 and 付宪瑞 and 生伟},
  note = {ISBN: 1001-9081},
  keywords = {情感分析;自然语言处理;卷积神经网络;ELMo模型;字向量},
  pages = {1--9}
}


@article{_bert_2020,
  title = {{基于域对抗网络和BERT的跨领域文本情感分析}},
  abstract = {跨领域文本情感分析时,为了使抽取的共享情感特征能够捕获更多的句子语义信息特征,提出域对抗和BERT(bidirectional encoder representations from transformers)的深度网络模型。利用BERT结构抽取句子语义表示向量,通过卷积神经网络抽取句子的局部特征。通过使用域对抗神经网络使得不同领域抽取的特征表示尽量不可判别,即源领域和目标领域抽取的特征具有更多的相似性;通过在有情感标签的源领域数据集上训练情感分类器,期望该分类器在源领域和目标领域均能达到较好的情感分类效果。在亚马逊产品评论数据集上的试验结果表明,该方法具有良好的性能,能够更好地实现跨领域文...},
  number = {01},
  journal = {山东大学学报(工学版)},
  author = {蔡国永 and 林强 and 任凯琪},
  year = {2020},
  note = {ISBN: 1672-3961},
  keywords = {跨领域;情感分析;卷积神经网络;域对抗网络;共享情感特征},
  pages = {1--7+20}
}

@inproceedings{li2007experimental,
  title={Experimental study on sentiment classification of Chinese review using machine learning techniques},
  author={Li, Jun and Sun, Maosong},
  booktitle={2007 International Conference on Natural Language Processing and Knowledge Engineering},
  pages={393--400},
  year={2007},
  organization={IEEE}
}


@article{_hownet_2008,
  title = {{基于HowNet的句子褒贬倾向性研究}},
  abstract = {文本倾向性识别在信息过滤、自动文摘、文本分类等领域有广泛的应用前景。句子倾向性研究是文本倾向性识别的基础,结合句法分析结果和词语语义倾向性可以衡量句子褒贬倾向性。以HowNet的词汇语义相似度计算为基础,提出了基于的语义距离和语法距离的句子褒贬倾向性计算方法。大量语句实验表明,该方法的计算结果与人工判别结果更接近。},
  number = {22},
  journal = {计算机工程与应用},
  author = {熊德兰 and 程菊明 and 田胜利},
  year = {2008},
  note = {ISBN: 1002-8331},
  keywords = {语义相似度;语法分析树;语义距离;语法距离;倾向性识别},
  pages = {143--145}
}

@Misc{数据集,
howpublished = {\url{https://github.com/SophonPlus/ChineseNlpCorpus/blob/master/datasets/weibo_senti_100k/intro.ipynb}},
title = {带情感标注的中文微博数据集}
}

@Misc{boson,
howpublished = {\url{https://bosonnlp.com/dev/resource}},
title = {BosonNLP情感词典}
}

@Misc{hownet,
howpublished = {\url{http://www.keenage.com/}},
title = {知网情感词典}
}

@Misc{褒贬义词典,
howpublished = {\url{http://nlp.csai.tsinghua.edu.cn/site2/index.php/resources/13-v10}},
title = {中文褒贬义词典}
}

@Misc{NTU,
howpublished = {\url{http://nlg.csie.ntu.edu.tw/download.php}},
title = {台湾大学简体中文情感极性词典}
}
